<record><leader>00000cas a22000007a 4500</leader><controlfield tag="001">21121989</controlfield><controlfield tag="008">900226d19731974pr wr ne      0    0spa d</controlfield><datafield ind1=" " ind2=" " tag="010"><subfield code="a">sn 90070101 </subfield></datafield><datafield ind1=" " ind2=" " tag="040"><subfield code="a">PNN</subfield><subfield code="b">eng</subfield><subfield code="c">PNN</subfield><subfield code="d">OCLCQ</subfield></datafield><datafield ind1=" " ind2=" " tag="042"><subfield code="a">msc</subfield></datafield><datafield ind1="0" ind2="3" tag="245"><subfield code="a">El regional del sur.</subfield></datafield><datafield ind1=" " ind2=" " tag="260"><subfield code="a">Ponce, P.R. :</subfield><subfield code="b">General Ad Service</subfield></datafield><datafield ind1=" " ind2=" " tag="300"><subfield code="a">v.</subfield></datafield><datafield ind1=" " ind2=" " tag="310"><subfield code="a">Weekly</subfield></datafield><datafield ind1="1" ind2=" " tag="362"><subfield code="a">Began with Apr. 12, 1973 issue; ceased with July 14, 1974 issue.</subfield></datafield><datafield ind1=" " ind2=" " tag="500"><subfield code="a">"Al servicio de la comunidad."</subfield></datafield><datafield ind1=" " ind2=" " tag="588"><subfield code="a">Description based on: An&#771;o 1, nu&#769;m. 6 (16 de mayo de 1973).</subfield></datafield><datafield ind1=" " ind2=" " tag="752"><subfield code="a">United States</subfield><subfield code="b">Puerto Rico</subfield><subfield code="d">Ponce.</subfield></datafield><datafield ind1="0" ind2="7" tag="785"><subfield code="t">Regional del oeste</subfield><subfield code="w">(DLC)sn 90070107</subfield></datafield><datafield ind1="0" ind2="7" tag="785"><subfield code="t">Regional del suroeste</subfield><subfield code="w">(DLC)sn 90070096</subfield></datafield></record>